% This file was created with JabRef 2.10b2.
% Encoding: UTF-8

@Manual{Novus2019,
  Title                    = {Conceitos básicos de RS422 e RS485},
  Author                   = {Novus},
  Organization             = {Novus},
  Year                     = {2019},

  Bdsk-url-1               = {},
  Pages                    = {},
  Subtitle                 = {},
  Timestamp                = {},
  Url                      = {https://www.novus.com.br/downloads/Arquivos/conceitos básicos de rs485 e rs422.pdf},
  Urlaccessdate            = {6 de mar\c{c}o de 2019}
}

@Manual{Arduino2019,
  Title                    = {Documentação de Referência da Linguagem Arduino},
  Author                   = {Arduino},
  Organization             = {Arduino},
  Year                     = {2019},

  Bdsk-url-1               = {},
  Pages                    = {},
  Subtitle                 = {},
  Timestamp                = {},
  Url                      = {https://www.arduino.cc/reference/pt/},
  Urlaccessdate            = {7 de mar\c{c}o de 2019}
}

@Book{Soffner2013,
  Title                    = {Algoritmos e Programação em Linguagem C.},
  Author                   = {Renato Soffner},
  Publisher                = {Saraiva},
  Year                     = {2013},

  Address                  = {São Paulo},
  Edition                  = {1},

  Page                     = {},
  Timestamp                = {}
}

@Book{Monk2017,
  Title                    = {Programação Com Arduino: Começando com Sketches.},
  Author                   = {Simon Monk},
  Publisher                = {Bookman},
  Year                     = {2017},

  Address                  = {Porto Alegre},
  Edition                  = {2},

  Page                     = {},
  Timestamp                = {}
}

@Book{Brunetti2008,
  Title                    = {Mecânica dos Fluidos},
  Author                   = {Franco Brunetti},
  Publisher                = {Pearson Prentice Hall},
  Year                     = {2008},

  Address                  = {São Paulo},
  Edition                  = {2},

  Page                     = {},
  Timestamp                = {}
}

@Book{Cocian2004,
  Title                    = {Manual da Linguagem C},
  Author                   = {Luis Fernando Espinosa Cocian},
  Publisher                = {Ulbra},
  Year                     = {2004},

  Address                  = {Canoas},
  Edition                  = {1},

  Page                     = {},
  Timestamp                = {}
}

@Book{Albuquerque2009,
  Title                    = {Redes Industriais: Aplicações em Sistemas Digitais de Controle Distribuído},
  Author                   = {Pedro Urbano Braga de Albuquerque and Auzuir Ripardo de Alexandria },
  Publisher                = {Ensino Profissional},
  Year                     = {2009},

  Address                  = {São Paulo},
  Edition                  = {2},

  Page                     = {},
  Timestamp                = {}
}
@Book{Ogata2010,
  Title                    = { Engenharia de Controle Moderno},
  Author                   = {Katsuhiko Ogata},
  Publisher                = {Perason},
  Year                     = {2010},

  Address                  = {São Paulo},
  Edition                  = {5},

  Page                     = {},
  Timestamp                = {}
}
@book{bega2006,
  title={Instrumentação industrial},
  author={Bega, Egidio Alberto},
  year={2006},
  publisher={Interciência}
}
@article{Campos2006,
  title={Massa de; TEIXEIRA, Herbert CG Controles t{\'\i}picos de equipamentos e processos industriais},
  author={CAMPOS, Mario Cesar M},
  journal={S{\~a}o Paulo: Editora Blucher},
  year={2006}
}
@book{ogunnaike1994,
  title={Process dynamics, modeling, and control},
  author={Ogunnaike, Babatunde A},
  number={660.28 O48.},
  year={1994}
}

@book{malvino2016,
  title={Eletr{\^o}nica-Vol. 2: 8{\textordfeminine} Edi{\c{c}}{\~a}o},
  author={Malvino, Albert P and Bates, David J},
  year={2016},
  publisher={McGraw Hill Brasil}
}

@book{gupta2003,
  title={Making use of Python},
  author={Gupta, Rashi},
  year={2003},
  publisher={John Wiley \& Sons}
}
@book{tosi2009,
  title={Matplotlib for Python developers},
  author={Tosi, Sandro},
  year={2009},
  publisher={Packt Publishing Ltd}
}